@article{RandAutoInfTrees,
  author    = {Arnaud Carayol and
               Axel Haddad and
               Olivier Serre},
  title     = {Randomization in Automata on Infinite Trees},
  journal   = {{ACM} Trans. Comput. Log.},
  volume    = {15},
  number    = {3},
  pages     = {24:1--24:33},
  year      = {2014},
  url       = {http://doi.acm.org/10.1145/2629336},
  doi       = {10.1145/2629336},
  timestamp = {Thu, 07 May 2015 18:17:38 +0200},
  biburl    = {http://dblp.org/rec/bib/journals/tocl/CarayolHS14},
  bibsource = {dblp computer science bibliography, http://dblp.org}
}
@inproceedings{RecOmeLangProbAuto,
  author    = {Christel Baier and
               Marcus Gr{\"{o}}{\ss}er},
  title     = {Recognizing omega-regular Languages with Probabilistic Automata},
  booktitle = {20th {IEEE} Symposium on Logic in Computer Science {(LICS 2005)},
               26-29 June 2005, Chicago, IL, USA, Proceedings},
  pages     = {137--146},
  year      = {2005},
  crossref  = {DBLP:conf/lics/2005},
  url       = {https://doi.org/10.1109/LICS.2005.41},
  doi       = {10.1109/LICS.2005.41},
  timestamp = {Thu, 25 May 2017 00:42:40 +0200},
  biburl    = {http://dblp.org/rec/bib/conf/lics/BaierG05},
  bibsource = {dblp computer science bibliography, http://dblp.org}
}
@inproceedings{DecProblemsForProbAuto,
  author    = {Christel Baier and
               Nathalie Bertrand and
               Marcus Gr{\"{o}}{\ss}er},
  title     = {On Decision Problems for Probabilistic B{\"{u}}chi Automata},
  booktitle = {Foundations of Software Science and Computational Structures, 11th
               International Conference, {FOSSACS} 2008, Held as Part of the Joint
               European Conferences on Theory and Practice of Software, {ETAPS} 2008,
               Budapest, Hungary, March 29 - April 6, 2008. Proceedings},
  pages     = {287--301},
  year      = {2008},
  crossref  = {DBLP:conf/fossacs/2008},
  url       = {https://doi.org/10.1007/978-3-540-78499-9_21},
  doi       = {10.1007/978-3-540-78499-9_21},
  timestamp = {Tue, 23 May 2017 01:08:04 +0200},
  biburl    = {https://dblp.org/rec/bib/conf/fossacs/BaierBG08},
  bibsource = {dblp computer science bibliography, https://dblp.org}
}
@Inbook{LangAutoLog,
  author    = {Thomas, Wolfgang},
  editor    = {Rozenberg, Grzegorz and Salomaa, Arto},
  title     = {Languages, Automata, and Logic},
  bookTitle = {Handbook of Formal Languages: Volume 3 Beyond Words},
  year      = {1997},
  publisher = {Springer Berlin Heidelberg},
  address   = {Berlin, Heidelberg},
  pages     = {389--455},
  isbn      = {978-3-642-59126-6},
  doi       = {10.1007/978-3-642-59126-6_7},
  url       = {https://doi.org/10.1007/978-3-642-59126-6_7}
}

