@book{Bauer,
  author    = {Heinz Bauer},
  title     = {Ma\ss- und Integrationstheorie},
  publisher = {De Gruyter},
  year      = {1992},
  ISBN      = {978-3-11-013625-8}
}

@inproceedings{QualAnaPOMDP,
  author    = {Krishnendu Chatterjee and
               Laurent Doyen and
               Thomas A. Henzinger},
  title     = {Qualitative Analysis of Partially-Observable Markov Decision Processes},
  booktitle = {Mathematical Foundations of Computer Science 2010, 35th International
               Symposium, {MFCS} 2010, Brno, Czech Republic, August 23-27, 2010.
               Proceedings},
  pages     = {258--269},
  year      = {2010},
  crossref  = {DBLP:conf/mfcs/2010},
  url       = {https://doi.org/10.1007/978-3-642-15155-2_24},
  doi       = {10.1007/978-3-642-15155-2_24},
  timestamp = {Thu, 25 May 2017 00:43:01 +0200},
  biburl    = {https://dblp.org/rec/bib/conf/mfcs/ChatterjeeDH10},
  bibsource = {dblp computer science bibliography, https://dblp.org}
}
