@article{AlgorithmsForPOSG,
  author    = {Krishnendu Chatterjee and
               Laurent Doyen and
               Thomas A. Henzinger and
               Jean{-}Fran{\c{c}}ois Raskin},
  title     = {Algorithms for Omega-Regular Games with Imperfect Information},
  journal   = {CoRR},
  volume    = {abs/0706.2619},
  year      = {2007},
  url       = {http://arxiv.org/abs/0706.2619},
  archivePrefix = {arXiv},
  eprint    = {0706.2619},
  timestamp = {Wed, 07 Jun 2017 14:42:08 +0200},
  biburl    = {https://dblp.org/rec/bib/journals/corr/abs-0706-2619},
  bibsource = {dblp computer science bibliography, https://dblp.org}
}

@article{RandomnessForFree,
  author    = {Krishnendu Chatterjee and
               Laurent Doyen and
               Hugo Gimbert and
               Thomas A. Henzinger},
  title     = {Randomness for free},
  journal   = {Inf. Comput.},
  volume    = {245},
  pages     = {3--16},
  year      = {2015},
  url       = {https://doi.org/10.1016/j.ic.2015.06.003},
  doi       = {10.1016/j.ic.2015.06.003},
  timestamp = {Thu, 18 May 2017 09:54:19 +0200},
  biburl    = {https://dblp.org/rec/bib/journals/iandc/Chatterjee0GH15},
  bibsource = {dblp computer science bibliography, https://dblp.org}
}

@inproceedings{QuanStochParityGames,
  author    = {Krishnendu Chatterjee and
               Marcin Jurdzinski and
               Thomas A. Henzinger},
  title     = {Quantitative stochastic parity games},
  booktitle = {Proceedings of the Fifteenth Annual {ACM-SIAM} Symposium on Discrete
               Algorithms, {SODA} 2004, New Orleans, Louisiana, USA, January 11-14,
               2004},
  pages     = {121--130},
  year      = {2004},
  crossref  = {DBLP:conf/soda/2004},
  url       = {http://dl.acm.org/citation.cfm?id=982792.982808},
  timestamp = {Fri, 07 Dec 2012 17:02:08 +0100},
  biburl    = {https://dblp.org/rec/bib/conf/soda/ChatterjeeJH04},
  bibsource = {dblp computer science bibliography, https://dblp.org}
}

@inproceedings{QualAnaPOMDP,
  author    = {Krishnendu Chatterjee and
               Laurent Doyen and
               Thomas A. Henzinger},
  title     = {Qualitative Analysis of Partially-Observable Markov Decision Processes},
  booktitle = {Mathematical Foundations of Computer Science 2010, 35th International
               Symposium, {MFCS} 2010, Brno, Czech Republic, August 23-27, 2010.
               Proceedings},
  pages     = {258--269},
  year      = {2010},
  crossref  = {DBLP:conf/mfcs/2010},
  url       = {https://doi.org/10.1007/978-3-642-15155-2_24},
  doi       = {10.1007/978-3-642-15155-2_24},
  timestamp = {Thu, 25 May 2017 00:43:01 +0200},
  biburl    = {https://dblp.org/rec/bib/conf/mfcs/ChatterjeeDH10},
  bibsource = {dblp computer science bibliography, https://dblp.org}
}

@inproceedings{PowerOfImperfectInformation,
  author    = {Dietmar Berwanger and
               Laurent Doyen},
  title     = {On the Power of Imperfect Information},
  booktitle = {{IARCS} Annual Conference on Foundations of Software Technology and
               Theoretical Computer Science, {FSTTCS} 2008, December 9-11, 2008,
               Bangalore, India},
  pages     = {73--82},
  year      = {2008},
  crossref  = {DBLP:conf/fsttcs/2008},
  url       = {https://doi.org/10.4230/LIPIcs.FSTTCS.2008.1742},
  doi       = {10.4230/LIPIcs.FSTTCS.2008.1742},
  timestamp = {Wed, 24 May 2017 08:30:17 +0200},
  biburl    = {https://dblp.org/rec/bib/conf/fsttcs/BerwangerD08},
  bibsource = {dblp computer science bibliography, https://dblp.org}
}
@inproceedings{MDPandRegEvents,
  author    = {Costas Courcoubetis and
               Mihalis Yannakakis},
  title     = {Markov Decision Processes and Regular Events (Extended Abstract)},
  booktitle = {Automata, Languages and Programming, 17th International Colloquium,
               ICALP90, Warwick University, England, UK, July 16-20, 1990, Proceedings},
  pages     = {336--349},
  year      = {1990},
  crossref  = {DBLP:conf/icalp/1990},
  url       = {https://doi.org/10.1007/BFb0032043},
  doi       = {10.1007/BFb0032043},
  timestamp = {Tue, 19 Jun 2018 07:52:50 +0200},
  biburl    = {https://dblp.org/rec/bib/conf/icalp/CourcoubetisY90},
  bibsource = {dblp computer science bibliography, https://dblp.org}
}
