@inproceedings{SynProbEnv,
  author    = {Sven Schewe},
  title     = {Synthesis for Probabilistic Environments},
  booktitle = {Automated Technology for Verification and Analysis, 4th International
               Symposium, {ATVA} 2006, Beijing, China, October 23-26, 2006.},
  pages     = {245--259},
  year      = {2006},
  crossref  = {DBLP:conf/atva/2006},
  url       = {https://doi.org/10.1007/11901914_20},
  doi       = {10.1007/11901914_20},
  timestamp = {Thu, 15 Jun 2017 21:45:52 +0200},
  biburl    = {http://dblp.org/rec/bib/conf/atva/Schewe06},
  bibsource = {dblp computer science bibliography, http://dblp.org}
}

@inproceedings{HighQualSynStochEnv,
  author    = {Shaull Almagor and
               Orna Kupferman},
  title     = {High-Quality Synthesis Against Stochastic Environments},
  booktitle = {25th {EACSL} Annual Conference on Computer Science Logic, {CSL} 2016,
               August 29 - September 1, 2016, Marseille, France},
  pages     = {28:1--28:17},
  year      = {2016},
  crossref  = {DBLP:conf/csl/2016},
  url       = {https://doi.org/10.4230/LIPIcs.CSL.2016.28},
  doi       = {10.4230/LIPIcs.CSL.2016.28},
  timestamp = {Wed, 27 Sep 2017 13:54:28 +0200},
  biburl    = {http://dblp.org/rec/bib/conf/csl/AlmagorK16},
  bibsource = {dblp computer science bibliography, http://dblp.org}
}

@inproceedings{ContrSynProbSys,
  author    = {Christel Baier and
               Marcus Gr{\"{o}}{\ss}er and
               Martin Leucker and
               Benedikt Bollig and
               Frank Ciesinski},
  title     = {Controller Synthesis for Probabilistic Systems},
  booktitle = {Exploring New Frontiers of Theoretical Informatics, {IFIP} 18th World
               Computer Congress, {TC1} 3rd International Conference on Theoretical
               Computer Science (TCS2004), 22-27 August 2004, Toulouse, France},
  pages     = {493--506},
  year      = {2004},
  crossref  = {DBLP:conf/ifipTCS/2004},
  url       = {https://doi.org/10.1007/1-4020-8141-3_38},
  doi       = {10.1007/1-4020-8141-3_38},
  timestamp = {Fri, 19 May 2017 01:26:11 +0200},
  biburl    = {http://dblp.org/rec/bib/conf/ifipTCS/BolligC04},
  bibsource = {dblp computer science bibliography, http://dblp.org}
}

@inproceedings{Church,
    author    = {Church, Alonzo},
    booktitle = {Proc. International Mathematical Congress},
    title     = {{Logic, Arithmetic, Automata}},
    pages     = {23--35},
    year      = {1962}
}

@article{SeqCondStrat,
 ISSN      = {00029947},
 URL       = {http://www.jstor.org/stable/1994916},
 author    = {J. Richard Buchi and Lawrence H. Landweber},
 journal   = {Transactions of the American Mathematical Society},
 pages     = {295--311},
 publisher = {American Mathematical Society},
 title     = {Solving Sequential Conditions by Finite-State Strategies},
 volume    = {138},
 year      = {1969}
}

