@article{RandAutoInfTrees,
  author    = {Arnaud Carayol and
               Axel Haddad and
               Olivier Serre},
  title     = {Randomization in Automata on Infinite Trees},
  journal   = {{ACM} Trans. Comput. Log.},
  volume    = {15},
  number    = {3},
  pages     = {24:1--24:33},
  year      = {2014},
  url       = {http://doi.acm.org/10.1145/2629336},
  doi       = {10.1145/2629336},
  timestamp = {Thu, 07 May 2015 18:17:38 +0200},
  biburl    = {http://dblp.org/rec/bib/journals/tocl/CarayolHS14},
  bibsource = {dblp computer science bibliography, http://dblp.org}
}
@inproceedings{RecOmeLangProbAuto,
  author    = {Christel Baier and
               Marcus Gr{\"{o}}{\ss}er},
  title     = {Recognizing omega-regular Languages with Probabilistic Automata},
  booktitle = {20th {IEEE} Symposium on Logic in Computer Science {(LICS} 2005),
               26-29 June 2005, Chicago, IL, USA, Proceedings},
  pages     = {137--146},
  year      = {2005},
  crossref  = {DBLP:conf/lics/2005},
  url       = {https://doi.org/10.1109/LICS.2005.41},
  doi       = {10.1109/LICS.2005.41},
  timestamp = {Thu, 25 May 2017 00:42:40 +0200},
  biburl    = {http://dblp.org/rec/bib/conf/lics/BaierG05},
  bibsource = {dblp computer science bibliography, http://dblp.org}
}
